@misc{ wiki:latex,
   author = "Wikibooks",
   title = "LaTeX --- Wikibooks{,} The Free Textbook Project",
   year = "2019",
   url = "https://en.wikibooks.org/w/index.php?title=LaTeX&oldid=3527944",
   note = "[Online; accessed 23-June-2019]"
 }
@misc{ wiki:fermat,
    author = "{Wikipedia contributors}",
    title = "Fermat's Last Theorem --- {Wikipedia}{,} The Free Encyclopedia",
    year = "2019",
    howpublished = "https://en.wikipedia.org/w/index.php?title=Fermat%27s_Last_Theorem&oldid=901535807",
    note = "[Online; accessed 23-June-2019]"
  }
@INPROCEEDINGS{7139620,
  author={Gammell, Jonathan D. and Srinivasa, Siddhartha S. and Barfoot, Timothy D.},
  booktitle={2015 IEEE International Conference on Robotics and Automation (ICRA)}, 
  title={Batch Informed Trees (BIT*): Sampling-based optimal planning via the heuristically guided search of implicit random geometric graphs}, 
  year={2015},
  volume={},
  number={},
  pages={3067-3074},
  doi={10.1109/ICRA.2015.7139620}}
@book{lavalle2006planning,
  title={Planning Algorithms},
  author={LaValle, S.M.},
  isbn={9781139455176},
  url={https://books.google.co.in/books?id=-PwLBAAAQBAJ},
  year={2006},
  publisher={Cambridge University Press}
}
@ARTICLE{6722915,
  author={Elbanhawi, Mohamed and Simic, Milan},
  journal={IEEE Access}, 
  title={Sampling-Based Robot Motion Planning: A Review}, 
  year={2014},
  volume={2},
  number={},
  pages={56-77},
  doi={10.1109/ACCESS.2014.2302442}}
@INPROCEEDINGS{7139620,
  author={Gammell, Jonathan D. and Srinivasa, Siddhartha S. and Barfoot, Timothy D.},
  booktitle={2015 IEEE International Conference on Robotics and Automation (ICRA)}, 
  title={Batch Informed Trees (BIT*): Sampling-based optimal planning via the heuristically guided search of implicit random geometric graphs}, 
  year={2015},
  volume={},
  number={},
  pages={3067-3074},
  doi={10.1109/ICRA.2015.7139620}}
@ARTICLE{508439,
  author={Kavraki, L.E. and Svestka, P. and Latombe, J.-C. and Overmars, M.H.},
  journal={IEEE Transactions on Robotics and Automation}, 
  title={Probabilistic roadmaps for path planning in high-dimensional configuration spaces}, 
  year={1996},
  volume={12},
  number={4},
  pages={566-580},
  doi={10.1109/70.508439}}
@article{noreen2016optimal,
  title={Optimal path planning using RRT* based approaches: a survey and future directions},
  author={Noreen, Iram and Khan, Amna and Habib, Zulfiqar},
  journal={International Journal of Advanced Computer Science and Applications},
  volume={7},
  number={11},
  year={2016},
  publisher={Science and Information (SAI) Organization Limited}
}
@INPROCEEDINGS{6942976,
  author={Gammell, Jonathan D. and Srinivasa, Siddhartha S. and Barfoot, Timothy D.},
  booktitle={2014 IEEE/RSJ International Conference on Intelligent Robots and Systems}, 
  title={Informed RRT*: Optimal sampling-based path planning focused via direct sampling of an admissible ellipsoidal heuristic}, 
  year={2014},
  volume={},
  number={},
  pages={2997-3004},
  doi={10.1109/IROS.2014.6942976}}
@misc{janson2015fast,
      title={Fast Marching Tree: a Fast Marching Sampling-Based Method for Optimal Motion Planning in Many Dimensions}, 
      author={Lucas Janson and Edward Schmerling and Ashley Clark and Marco Pavone},
      year={2015},
      eprint={1306.3532},
      archivePrefix={arXiv},
      primaryClass={cs.RO}
}

@INPROCEEDINGS{844730,
  author={Kuffner, J.J. and LaValle, S.M.},
  booktitle={Proceedings 2000 ICRA. Millennium Conference. IEEE International Conference on Robotics and Automation. Symposia Proceedings (Cat. No.00CH37065)}, 
  title={RRT-connect: An efficient approach to single-query path planning}, 
  year={2000},
  volume={2},
  number={},
  pages={995-1001 vol.2},
  doi={10.1109/ROBOT.2000.844730}}

